
@ARTICLE{Albert2005,
   author = {{Albert}, J.~M.},
    title = "{Evaluation of quasi-linear diffusion coefficients for whistler mode waves in a plasma with arbitrary density ratio}",
  journal = {JGR (Space Physics)},
 keywords = {Magnetospheric Physics: Radiation belts, Magnetospheric Physics: Energetic particles: trapped, Magnetospheric Physics: Magnetosphere: inner, Space Plasma Physics: Wave/particle interactions (2483, 6984), Radio Science: Magnetospheric physics (2700), wave-particle interactions, quasi-linear theory, chorus waves, diffusion coefficients},
     year = 2005,
    month = mar,
   volume = 110,
    pages = {A03218},
      doi = {10.1029/2004JA010844},
   adsurl = {http://adsabs.harvard.edu/abs/2005JGRA..110.3218A},
  adsnote = {Provided by the SAO/NASA Astrophysics Data System}
}


@ARTICLE{Lyons1974A,
   author = {{Lyons}, L.~R.},
    title = "{General relations for resonant particle diffusion in pitch angle and energy}",
  journal = {Journal of Plasma Physics},
     year = 1974,
    month = aug,
   volume = 12,
    pages = {45-49},
      doi = {10.1017/S0022377800024910},
   adsurl = {http://adsabs.harvard.edu/abs/1974JPlPh..12...45L},
  adsnote = {Provided by the SAO/NASA Astrophysics Data System}
}
@ARTICLE{Lyons1974B,
   author = {{Lyons}, L.~R.},
    title = "{Pitch angle and energy diffusion coefficients from resonant interactions with ion-cyclotron and whistler waves}",
  journal = {Journal of Plasma Physics},
 keywords = {Diffusion Coefficient, Ion Cyclotron Radiation, Particle Diffusion, Plasma Interactions, Wave Interaction, Whistlers, Angular Distribution, Energy Distribution, Nonlinear Equations, Particle Energy, Pitch (Inclination), Plasma Resonance, Propagation Modes, Radiation Distribution},
     year = 1974,
    month = dec,
   volume = 12,
    pages = {417-432},
      doi = {10.1017/S002237780002537X},
   adsurl = {http://adsabs.harvard.edu/abs/1974JPlPh..12..417L},
  adsnote = {Provided by the SAO/NASA Astrophysics Data System}
}

@ARTICLE{SummersEtAl2007,
   author = {{Summers}, D. and {Ni}, B. and {Meredith}, N.~P.},
    title = "{Timescales for radiation belt electron acceleration and loss due to resonant wave-particle interactions: 1. Theory}",
  journal = {JGR (Space Physics)},
 keywords = {Magnetospheric Physics: Radiation belts, Magnetospheric Physics: Magnetic storms and substorms (7954), Magnetospheric Physics: Electric fields (2411), Magnetospheric Physics: Energetic particles: precipitating, Space Plasma Physics: Wave/particle interactions (2483, 6984), electron acceleration and loss, radiation belt electrons, wave-particle interactions},
     year = 2007,
    month = apr,
   volume = 112,
      eid = {A04206},
    pages = {A04206},
      doi = {10.1029/2006JA011801},
   adsurl = {http://adsabs.harvard.edu/abs/2007JGRA..112.4206S},
  adsnote = {Provided by the SAO/NASA Astrophysics Data System}
}


@ARTICLE{GlauertHorne2005,
   author = {{Glauert}, S.~A. and {Horne}, R.~B.},
    title = "{Calculation of pitch angle and energy diffusion coefficients with the PADIE code}",
  journal = {JGR (Space Physics)},
 keywords = {Magnetospheric Physics: Energetic particles: trapped, Magnetospheric Physics: Radiation belts, Magnetospheric Physics: Numerical modeling, Space Plasma Physics: Wave/particle interactions (2483, 6984), wave-particle, diffusion},
     year = 2005,
    month = apr,
   volume = 110,
      eid = {A04206},
    pages = {A04206},
      doi = {10.1029/2004JA010851},
   adsurl = {http://adsabs.harvard.edu/abs/2005JGRA..110.4206G},
  adsnote = {Provided by the SAO/NASA Astrophysics Data System}
}

@ARTICLE{Derivations,
   author = {{Ratcliffe}, H.},
    title = "{Derivations involved in Diffusion calculations}",
     year = 2017,
   url = {../Derivations.pdf},
}